%YAML 1.1
%TAG !u! tag:unity3d.com,2011:
--- !u!54 &2132215179640332386
Rigidbody:
  m_ObjectHideFlags: 0
  m_CorrespondingSourceObject: {fileID: 0}
  m_PrefabInstance: {fileID: 0}
  m_PrefabAsset: {fileID: 0}
  m_GameObject: {fileID: 5398349203892486136}
  serializedVersion: 2
  m_Mass: 1
  m_Drag: 0
  m_AngularDrag: 0.05
  m_UseGravity: 1
  m_IsKinematic: 0
  m_Interpolate: 0
  m_Constraints: 0
  m_CollisionDetection: 0
--- !u!65 &3013758132391937946
BoxCollider:
  m_ObjectHideFlags: 0
  m_CorrespondingSourceObject: {fileID: 0}
  m_PrefabInstance: {fileID: 0}
  m_PrefabAsset: {fileID: 0}
  m_GameObject: {fileID: 5398349203892486136}
  m_Material: {fileID: 0}
  m_IsTrigger: 0
  m_Enabled: 1
  serializedVersion: 2
  m_Size: {x: 4.8064165, y: 1.8813348, z: 0.5215292}
  m_Center: {x: -0.035118103, y: 0.93568325, z: 0.013519287}
--- !u!114 &4853062513818642174
MonoBehaviour:
  m_ObjectHideFlags: 0
  m_CorrespondingSourceObject: {fileID: 0}
  m_PrefabInstance: {fileID: 0}
  m_PrefabAsset: {fileID: 0}
  m_GameObject: {fileID: 5398349203892486136}
  m_Enabled: 1
  m_EditorHideFlags: 0
  m_Script: {fileID: 11500000, guid: 74ba6cb0102fa654996330c4dee60f61, type: 3}
  m_Name: 
  m_EditorClassIdentifier: 
  m_PlayerNumber: 1
  m_BodyDamage: 20
  m_ProjectileDamage: 10
--- !u!114 &4973991247690738503
MonoBehaviour:
  m_ObjectHideFlags: 0
  m_CorrespondingSourceObject: {fileID: 0}
  m_PrefabInstance: {fileID: 0}
  m_PrefabAsset: {fileID: 0}
  m_GameObject: {fileID: 5398349203892486136}
  m_Enabled: 1
  m_EditorHideFlags: 0
  m_Script: {fileID: 11500000, guid: 416333b0bac88ac41927a86798507ae0, type: 3}
  m_Name: 
  m_EditorClassIdentifier: 
  m_Slider: {fileID: 0}
  m_FillImage: {fileID: 0}
  m_FullHealthColor: {r: 0, g: 1, b: 0, a: 1}
  m_ZeroHealthColor: {r: 1, g: 0, b: 0, a: 1}
  m_PlayerNumber: 1
  m_isDead: 0
--- !u!114 &6476940363631569082
MonoBehaviour:
  m_ObjectHideFlags: 0
  m_CorrespondingSourceObject: {fileID: 0}
  m_PrefabInstance: {fileID: 0}
  m_PrefabAsset: {fileID: 0}
  m_GameObject: {fileID: 5398349203892486136}
  m_Enabled: 1
  m_EditorHideFlags: 0
  m_Script: {fileID: 11500000, guid: 4cc8d9035c85d124fa508b6f6636f4dc, type: 3}
  m_Name: 
  m_EditorClassIdentifier: 
  m_PlayerNumber: 1
  m_JumpMagnitude: 300
--- !u!114 &2402264313929376613
MonoBehaviour:
  m_ObjectHideFlags: 0
  m_CorrespondingSourceObject: {fileID: 0}
  m_PrefabInstance: {fileID: 0}
  m_PrefabAsset: {fileID: 0}
  m_GameObject: {fileID: 5398349203892486136}
  m_Enabled: 1
  m_EditorHideFlags: 0
  m_Script: {fileID: 11500000, guid: ef45dacb88b46d64080c25d928d35e06, type: 3}
  m_Name: 
  m_EditorClassIdentifier: 
--- !u!82 &6834561536586672785
AudioSource:
  m_ObjectHideFlags: 0
  m_CorrespondingSourceObject: {fileID: 0}
  m_PrefabInstance: {fileID: 0}
  m_PrefabAsset: {fileID: 0}
  m_GameObject: {fileID: 5398349203892486136}
  m_Enabled: 1
  serializedVersion: 4
  OutputAudioMixerGroup: {fileID: 0}
  m_audioClip: {fileID: 0}
  m_PlayOnAwake: 1
  m_Volume: 1
  m_Pitch: 1
  Loop: 0
  Mute: 0
  Spatialize: 0
  SpatializePostEffects: 0
  Priority: 128
  DopplerLevel: 1
  MinDistance: 1
  MaxDistance: 500
  Pan2D: 0
  rolloffMode: 0
  BypassEffects: 0
  BypassListenerEffects: 0
  BypassReverbZones: 0
  rolloffCustomCurve:
    serializedVersion: 2
    m_Curve:
    - serializedVersion: 3
      time: 0
      value: 1
      inSlope: 0
      outSlope: 0
      tangentMode: 0
      weightedMode: 0
      inWeight: 0.33333334
      outWeight: 0.33333334
    - serializedVersion: 3
      time: 1
      value: 0
      inSlope: 0
      outSlope: 0
      tangentMode: 0
      weightedMode: 0
      inWeight: 0.33333334
      outWeight: 0.33333334
    m_PreInfinity: 2
    m_PostInfinity: 2
    m_RotationOrder: 4
  panLevelCustomCurve:
    serializedVersion: 2
    m_Curve:
    - serializedVersion: 3
      time: 0
      value: 0
      inSlope: 0
      outSlope: 0
      tangentMode: 0
      weightedMode: 0
      inWeight: 0.33333334
      outWeight: 0.33333334
    m_PreInfinity: 2
    m_PostInfinity: 2
    m_RotationOrder: 4
  spreadCustomCurve:
    serializedVersion: 2
    m_Curve:
    - serializedVersion: 3
      time: 0
      value: 0
      inSlope: 0
      outSlope: 0
      tangentMode: 0
      weightedMode: 0
      inWeight: 0.33333334
      outWeight: 0.33333334
    m_PreInfinity: 2
    m_PostInfinity: 2
    m_RotationOrder: 4
  reverbZoneMixCustomCurve:
    serializedVersion: 2
    m_Curve:
    - serializedVersion: 3
      time: 0
      value: 1
      inSlope: 0
      outSlope: 0
      tangentMode: 0
      weightedMode: 0
      inWeight: 0.33333334
      outWeight: 0.33333334
    m_PreInfinity: 2
    m_PostInfinity: 2
    m_RotationOrder: 4
--- !u!136 &1136222706901565716
CapsuleCollider:
  m_ObjectHideFlags: 0
  m_CorrespondingSourceObject: {fileID: 0}
  m_PrefabInstance: {fileID: 0}
  m_PrefabAsset: {fileID: 0}
  m_GameObject: {fileID: 7815479380104413353}
  m_Material: {fileID: 0}
  m_IsTrigger: 1
  m_Enabled: 1
  m_Radius: 0.11534469
  m_Height: 0.9654999
  m_Direction: 1
  m_Center: {x: -0.015344695, y: 0.030958185, z: -0.000000080775244}
--- !u!136 &4237401706823046111
CapsuleCollider:
  m_ObjectHideFlags: 0
  m_CorrespondingSourceObject: {fileID: 0}
  m_PrefabInstance: {fileID: 0}
  m_PrefabAsset: {fileID: 0}
  m_GameObject: {fileID: 429111006686048225}
  m_Material: {fileID: 0}
  m_IsTrigger: 1
  m_Enabled: 1
  m_Radius: 0.11534469
  m_Height: 0.9654999
  m_Direction: 1
  m_Center: {x: -0.015344695, y: 0.030958185, z: -0.000000080775244}
--- !u!136 &2732984052854276864
CapsuleCollider:
  m_ObjectHideFlags: 0
  m_CorrespondingSourceObject: {fileID: 0}
  m_PrefabInstance: {fileID: 0}
  m_PrefabAsset: {fileID: 0}
  m_GameObject: {fileID: 8135416224430249954}
  m_Material: {fileID: 0}
  m_IsTrigger: 1
  m_Enabled: 1
  m_Radius: 0.123880655
  m_Height: 0.8828202
  m_Direction: 1
  m_Center: {x: -0.0026533958, y: 0.09720405, z: -0.010613809}
--- !u!136 &4499742225679932767
CapsuleCollider:
  m_ObjectHideFlags: 0
  m_CorrespondingSourceObject: {fileID: 0}
  m_PrefabInstance: {fileID: 0}
  m_PrefabAsset: {fileID: 0}
  m_GameObject: {fileID: 4457627038473878870}
  m_Material: {fileID: 0}
  m_IsTrigger: 1
  m_Enabled: 1
  m_Radius: 0.123880655
  m_Height: 0.8828202
  m_Direction: 1
  m_Center: {x: -0.0026533958, y: 0.09720405, z: -0.010613809}
--- !u!1001 &5056311126812983977
PrefabInstance:
  m_ObjectHideFlags: 0
  serializedVersion: 2
  m_Modification:
    m_TransformParent: {fileID: 0}
    m_Modifications:
    - target: {fileID: -9070493210130169274, guid: 23516cd34d970bc468a3eda6ad3e728c, type: 3}
      propertyPath: m_TagString
      value: Untagged
      objectReference: {fileID: 0}
    - target: {fileID: -8679921383154817045, guid: 23516cd34d970bc468a3eda6ad3e728c, type: 3}
      propertyPath: m_LocalPosition.x
      value: 0
      objectReference: {fileID: 0}
    - target: {fileID: -8679921383154817045, guid: 23516cd34d970bc468a3eda6ad3e728c, type: 3}
      propertyPath: m_LocalPosition.y
      value: 0
      objectReference: {fileID: 0}
    - target: {fileID: -8679921383154817045, guid: 23516cd34d970bc468a3eda6ad3e728c, type: 3}
      propertyPath: m_LocalPosition.z
      value: 0
      objectReference: {fileID: 0}
    - target: {fileID: -8679921383154817045, guid: 23516cd34d970bc468a3eda6ad3e728c, type: 3}
      propertyPath: m_LocalRotation.x
      value: 0
      objectReference: {fileID: 0}
    - target: {fileID: -8679921383154817045, guid: 23516cd34d970bc468a3eda6ad3e728c, type: 3}
      propertyPath: m_LocalRotation.y
      value: 0
      objectReference: {fileID: 0}
    - target: {fileID: -8679921383154817045, guid: 23516cd34d970bc468a3eda6ad3e728c, type: 3}
      propertyPath: m_LocalRotation.z
      value: 0
      objectReference: {fileID: 0}
    - target: {fileID: -8679921383154817045, guid: 23516cd34d970bc468a3eda6ad3e728c, type: 3}
      propertyPath: m_LocalRotation.w
      value: 1
      objectReference: {fileID: 0}
    - target: {fileID: -8679921383154817045, guid: 23516cd34d970bc468a3eda6ad3e728c, type: 3}
      propertyPath: m_RootOrder
      value: 0
      objectReference: {fileID: 0}
    - target: {fileID: -8679921383154817045, guid: 23516cd34d970bc468a3eda6ad3e728c, type: 3}
      propertyPath: m_LocalEulerAnglesHint.x
      value: 0
      objectReference: {fileID: 0}
    - target: {fileID: -8679921383154817045, guid: 23516cd34d970bc468a3eda6ad3e728c, type: 3}
      propertyPath: m_LocalEulerAnglesHint.y
      value: 0
      objectReference: {fileID: 0}
    - target: {fileID: -8679921383154817045, guid: 23516cd34d970bc468a3eda6ad3e728c, type: 3}
      propertyPath: m_LocalEulerAnglesHint.z
      value: 0
      objectReference: {fileID: 0}
    - target: {fileID: -6170625038081293824, guid: 23516cd34d970bc468a3eda6ad3e728c, type: 3}
      propertyPath: m_TagString
      value: HitPart
      objectReference: {fileID: 0}
    - target: {fileID: -4332706925441422008, guid: 23516cd34d970bc468a3eda6ad3e728c, type: 3}
      propertyPath: m_TagString
      value: HitPart
      objectReference: {fileID: 0}
    - target: {fileID: -290750445479886849, guid: 23516cd34d970bc468a3eda6ad3e728c, type: 3}
      propertyPath: m_TagString
      value: HitPart
      objectReference: {fileID: 0}
    - target: {fileID: 919132149155446097, guid: 23516cd34d970bc468a3eda6ad3e728c, type: 3}
      propertyPath: m_Name
      value: WarriorControl
      objectReference: {fileID: 0}
    - target: {fileID: 3948933247560734027, guid: 23516cd34d970bc468a3eda6ad3e728c, type: 3}
      propertyPath: m_TagString
      value: HitPart
      objectReference: {fileID: 0}
    - target: {fileID: 5866666021909216657, guid: 23516cd34d970bc468a3eda6ad3e728c, type: 3}
      propertyPath: m_Controller
      value: 
      objectReference: {fileID: 9100000, guid: ba95bc0974a33f045ad96c51545ec077, type: 2}
    - target: {fileID: 8817898888258712963, guid: 23516cd34d970bc468a3eda6ad3e728c, type: 3}
      propertyPath: m_TagString
      value: Untagged
      objectReference: {fileID: 0}
    m_RemovedComponents: []
  m_SourcePrefab: {fileID: 100100000, guid: 23516cd34d970bc468a3eda6ad3e728c, type: 3}
--- !u!1 &5398349203892486136 stripped
GameObject:
  m_CorrespondingSourceObject: {fileID: 919132149155446097, guid: 23516cd34d970bc468a3eda6ad3e728c, type: 3}
  m_PrefabInstance: {fileID: 5056311126812983977}
  m_PrefabAsset: {fileID: 0}
--- !u!1 &7815479380104413353 stripped
GameObject:
  m_CorrespondingSourceObject: {fileID: -6170625038081293824, guid: 23516cd34d970bc468a3eda6ad3e728c, type: 3}
  m_PrefabInstance: {fileID: 5056311126812983977}
  m_PrefabAsset: {fileID: 0}
--- !u!1 &429111006686048225 stripped
GameObject:
  m_CorrespondingSourceObject: {fileID: -4332706925441422008, guid: 23516cd34d970bc468a3eda6ad3e728c, type: 3}
  m_PrefabInstance: {fileID: 5056311126812983977}
  m_PrefabAsset: {fileID: 0}
--- !u!1 &8135416224430249954 stripped
GameObject:
  m_CorrespondingSourceObject: {fileID: 3948933247560734027, guid: 23516cd34d970bc468a3eda6ad3e728c, type: 3}
  m_PrefabInstance: {fileID: 5056311126812983977}
  m_PrefabAsset: {fileID: 0}
--- !u!1 &4457627038473878870 stripped
GameObject:
  m_CorrespondingSourceObject: {fileID: -290750445479886849, guid: 23516cd34d970bc468a3eda6ad3e728c, type: 3}
  m_PrefabInstance: {fileID: 5056311126812983977}
  m_PrefabAsset: {fileID: 0}
